
@misc{eurostat_cpa_introductory_2008,
	title = {{CPA} 2008 introductory guidelines},
	url = {https://ec.europa.eu/eurostat/documents/1995700/1995914/CPA2008introductoryguidelinesEN.pdf/df1e8d19-1156-4a1c-b384-4f95a12515e5},
	publisher = {{Eurostat}},
	author = {{Eurostat}},
	urldate = {2022-02-04},
	date = {2008},
	year = {2008},
	langid = {english},
	keywords = {Statistical classifications, {CPA}}
}