
@book{beutel_eurostat_2008,
  address = {Luxembourg},
  edition = {2008},
  series = {Eurostat {Methodologies} and Working Papers},
  title = {Eurostat {Manual} of {Supply}, {Use} and {Input}-{Output} {Tables}},
  isbn = {978-92-79-04735-0},
  url = {http://ec.europa.eu/eurostat/documents/3859598/5902113/KS-RA-07-013-EN.PDF/b0b3d71e-3930-4442-94be-70b36cea9b39?version=1.0},
  language = {en},
  publisher = {Office for Official Publications of the European Communities},
  author = {Beutel, Jörg},
  editor = {Ritzmann, Peter},
  year = 2008,
  keywords = {employment multiplier, eurostat, input-output, output multiplier, sna}
}

@article{eurostat_r_package,
  title = {eurostat R package},
  author = {Leo Lahti and Janne Huovari and Markus Kainu and Przemyslaw Biecek},
  journal = {R Journal},
  volume = {9},
  number = {1},
  pages = {385-392},
  year = {2017},
  url = {https://journal.r-project.org/archive/2017/RJ-2017-019/index.html},
  note = {Version 3.7.5},
}


@article{leontief_io_1951,
	title = {Input-Output Economics},
	volume = {185},
	issn = {0036-8733},
	url = {https://ui.adsabs.harvard.edu/abs/1951SciAm.185d..15L},
	doi = {10.1038/scientificamerican1051-15},
	pages = {15--21},
	journaltitle = {Scientific American},
	author = {Leontief, Wassily W.},
	urldate = {2022-01-16},
	date = {1951-10-01},
	year = 1951
}


@report{dhernoncourt_io_2011,
	location = {Brussels},
	title = {Input-Output Multipliers – Specification sheet and supporting material, Spicosa Project Report.},
	url = {http://www.coastal-saf.eu/output-step/pdf/Specification%20sheet%20I_O_final.pdf},
	institution = {Université Libre de Bruxelles – {CEESE}},
	author = {D’Hernoncourt, J and Cordier, M and Hadley, D},
	urldate = {2016-03-29},
	date = {2011},
	year = 2011,
	langid = {english},
	keywords = {algebra, input-output, leontief, methodology, multipliers, sna}
}

@misc{wild_uk_io_2014,
	title = {United Kingdom Input-Output Analytical Tables 2010},
	url = {https://webarchive.nationalarchives.gov.uk/ukgwa/20160114044923/http://www.ons.gov.uk/ons/rel/input-output/input-output-analytical-tables/2010/index.html},
	abstract = {Input-Output (I-O) Analytical Tables are derived from the annual Input-Output Supply and Use Tables ({SUTs}).},
	publisher = {Office for National Statistics},
	editor = {Wild, Richard},
	urldate = {2022-01-16},
	date = {2014-02-12},
	year = 2014,
	keywords = {2010, input-output, United Kingdom}
}


@book{un_iot_handbook_2018,
	location = {New York},
	title = {Handbook on Supply and Use Tables and Input-Output Tables with Extensions and Applications},
	volume = {1},
	isbn = {978-92-1-0},
	series = {Studies in Methods},
	number = {F 74},
	publisher = {United Nations},
	author = {Beutel, Joerg and Guerrero, Simon and Inomata, Satoshi and Larsen, Soren and Moyer, Brian and Remond-Tiedrez, Isabelle and Rueda-Cantuch, José M. and Hobbelstad Simpson, Liv and Thage, Bent and Van Rompaey, Catherine and Verbiest, Piet and Di Matteo, Ilaria},
	editor = {Mahajan, Sanjiv},
	urldate = {2022-01-16},
	date = {2018},
	langid = {english},
	note = {Reference number: {ST}/{ESA}/{STAT}/{SER}.F/74/Rev.1},
	keywords = {input-output, {SNA}}
}


@misc{botric_identifying_2013,
	title = {Identifying Key Sectors in Croatian Economy Based on Input-Output Tables},
	url = {http://www.eizg.hr/Download.ashx?FileID=010e9ee3-e20a-4d41-a59d-d65fd3d400cf},
	publisher = {Ekonomski institut - The Institute of Economics},
	author = {Botrić, Valeria},
	urldate = {2017-06-24},
	date = {2013},
	year = 2013,
	langid = {english},
	keywords = {Crotia, input-output}
}


@article{ghosh_1958,
 ISSN = {00130427, 14680335},
 URL = {http://www.jstor.org/stable/2550694},
 author = {A. Ghosh},
 journal = {Economica},
 number = {97},
 pages = {58--64},
 publisher = {[London School of Economics, Wiley, London School of Economics and Political Science, Suntory and Toyota International Centres for Economics and Related Disciplines]},
 title = {Input-Output Approach in an Allocation System},
 volume = {25},
 year = {1958}
}

@article{antal_slovenskom_hudobnom_2019_en,
	title = {{Slovak Music Industry Report} [{Správa} {o slovenskom hudobnom priemysle}]},
	shorttitle = {Slovak Music Industry Report},
	language = {Slovak},
	url = {http://www.soza.sk/cms/content/files/Sprava_o_slovenskom_hudobnom_priemysle_marec2019.pdf},
	doi = {10.17605/OSF.IO/V3BE9},
	author = {Daniel Antal},
	publisher = {SOZA},
	year = {2019}
}