@Manual{R-base,
  title = {R: A Language and Environment for Statistical Computing},
  author = {{R Core Team}},
  organization = {R Foundation for Statistical Computing},
  address = {Vienna, Austria},
  year = {2021},
  url = {https://www.R-project.org/},
}

@Manual{R-datamart,
  title = {datamart: Unified access to your data sources},
  author = {Karsten Weinert},
  year = {2014},
  note = {R package version 0.5.2},
  url = {https://CRAN.R-project.org/package=datamart},
}

@Manual{R-eurostat,
  title = {eurostat: Tools for Eurostat Open Data},
  author = {Leo Lahti and Janne Huovari and Markus Kainu and Przemyslaw Biecek},
  year = {2022},
  note = {R package version 3.7.10},
  url = {https://CRAN.R-project.org/package=eurostat},
}

@Manual{R-ioanalysis,
  title = {ioanalysis: Input Output Analysis},
  author = {John Wade and Ignacio Sarmiento-Barbieri},
  year = {2020},
  note = {R package version 0.3.4},
  url = {http://www.real.illinois.edu},
}

@Manual{R-iotables,
  title = {iotables: Reproducible Input-Output Economics Analysis, Economic and Environmental Impact Assessment with Empirical Data},
  author = {Daniel Antal},
  year = {2022},
  note = {R package version 0.9},
  url = {https://iotables.dataobservatory.eu/},
}

@Manual{R-regions,
  title = {regions: Processing Regional Statistics},
  author = {Daniel Antal},
  year = {2021},
  note = {R package version 0.1.8},
  url = {https://regions.dataobservatory.eu/},
}

@Manual{R-rsdmx,
  title = {rsdmx: Tools for Reading SDMX Data and Metadata},
  author = {Emmanuel Blondel},
  year = {2021},
  note = {R package version 0.6},
  url = {https://CRAN.R-project.org/package=rsdmx},
}

@Article{eurostat2017,
  title = {Retrieval and Analysis of Eurostat Open Data with the eurostat Package},
  author = {Leo Lahti and Janne Huovari and Markus Kainu and Przemyslaw Biecek},
  journal = {The R Journal},
  volume = {9},
  number = {1},
  pages = {385--392},
  year = {2017},
  doi = {10.32614/RJ-2017-019},
  url = {https://doi.org/10.32614/RJ-2017-019},
}

