
@book{eurostat_nace_rev2_2008,
	location = {Luxembourg},
	title = {{NACE} rev. 2. Statistical classification of  Economic activities in the European Community},
	isbn = {978-92-79-04741-1},
	url = {https://ec.europa.eu/eurostat/documents/3859598/5902521/KS-RA-07-015-EN.PDF},
	series = {Methodologies and working papers},
	pagetotal = {363},
	publisher = {Office for Official Publications of the European Communities},
	author = {{Eurostat}},
	urldate = {2022-02-04},
	date = {2008},
	langid = {english},
	note = {{OCLC}: 933248017 {ISSN}: 1977-0375}
}